% !TEX root = main.tex

@ELECTRONIC{GTKMain,
	title = {{The GTK+ Project}},
	howpublished = {\url{https://www.gtk.org/}},
	organization = {The GTK+ Team},
	note = {Zugriff: 07.08.17}
}

@ELECTRONIC{GTKSuccess,
	title = {{The GTK+ Success Stories}},
	howpublished = {\url{https://www.gtk.org/commerce.php}},
	organization = {The GTK+ Team},
	note = {Zugriff: 07.08.17}
}

%####-----Examples-----###
@ELECTRONIC{Fowler,
	title = {{FeatureToggle}},
	howpublished = {\url{http://martinfowler.com/bliki/FeatureToggle.html}},
	note = {Zugriff: 18.08.16}
}

@INPROCEEDINGS{CocWil0,
	author = {A. Cockburn und L. Williams},
	title = {{The Costs and Benefits of Pair Programming}},
	booktitle = {eXtreme Programming and Flexible Processes in Software Engineering XP2000},
	year = {2000},
	pages = {223--247},
	publisher = {Addison-Wesley}
}

@MASTERSTHESIS{Dje06,
	author = {R. Djemili},
	title = {{Entwicklung einer Eclipse-Erweiterung zur Realisierung und Protokollierung verteilter Paarprogrammierung}},
	school = {Freie Universität Berlin, Inst. für Informatik},
	year = {2006},
	type = {Masterarbeit}
}

@INPROCEEDINGS{Wil01,
	author = {L. Williams},
	title = {{Pair Programming}},
	booktitle = {Encyclopedia of Software Engineering},
	year = {2010},
	pages = {651-703},
	publisher = {Taylor and Francis Group}
}

@ELECTRONIC{PraWilEtAl,
	author = {P. Baheti, L. Williams, E. Gehringer, D. Stotts, J. McC. Smith},
	title = {{Distributed Pair Programming: Empirical Studies and Supporting Environments}},
	howpublished = {UNC-CH Technical Report 02-010 (\url{http://collaboration.csc.ncsu.edu/laurie/Papers/TR02-010.pdf})},
	organization = {University of North Carolina at Chapel Hill, Department of Computer Science},
	note = {Zugriff: 17.06.16},
	year = {2002}
}%Dieses Dokument ist nur elektronisch verfügbar.

